@misc{what_is_sls_cloudflare,
  title = {What is serverless computing?},
  url   = {https://www.cloudflare.com/learning/serverless/what-is-serverless}
}

@article{cloud_computing_definition,
  title  = {A break in the clouds: towards a cloud definition},
  authors = {Luis M. Vaquero, Luis Rodero-Merino, Juan Caceres, Maik Lindner},
  month  = {12},
  year   = {2008},
  doi    = {10.1145/1496091.1496100}
}

@misc{what_is_the_cloud,
  title = {What Is the Cloud?},
  url   = {https://www.cloudflare.com/learning/cloud/what-is-the-cloud}
}

@misc{iaas,
  title = {What Is IaaS (Infrastructure-as-a-Service)?},
  url   = {https://www.cloudflare.com/learning/cloud/what-is-iaas}
}

@misc{paas,
  title = {What is Platform-as-a-Service (PaaS)?},
  url   = {https://www.cloudflare.com/learning/serverless/glossary/platform-as-a-service-paas}
}

@misc{saas,
  title = {What Is SaaS?},
  url   = {https://www.cloudflare.com/learning/cloud/what-is-saas}
}

@book{separation_of_concerns,
  author    = {Edsger W. Dijkstra},
  title     = {Selected Writings on Computing: A Personal Perspective},
  isbn      = {0–387–90652–5},
  pages     = {60--66},
  year      = {1982},
  publisher = {Springer-Verlag}
}

@misc{sls_aws_doc,
  title = {Serverless Framework Aws Guide},
  url   = {https://www.serverless.com/framework/docs/providers/aws/guide/intro}
}

@misc{sls_pro_cons,
  title  = {What is Serverless Architecture? What are its Pros and Cons?},
  author = {Faizan Bashir},
  year   = {2018},
  month  = {05},
  url    = {https://hackernoon.com/what-is-serverless-architecture-what-are-its-pros-and-cons-cc4b804022e9}
}

@inproceedings{sls_providers_comparison,
  authors    = {Liang Wang and Mengyuan Li and Yinqian Zhang and Thomas Ristenpart and Michael Swift},
  title     = {Peeking Behind the Curtains of Serverless Platforms},
  booktitle = {2018 {USENIX} Annual Technical Conference ({USENIX} {ATC} 18)},
  year      = {2018},
  isbn      = {ISBN 978-1-939133-01-4},
  address   = {Boston, MA},
  pages     = {133--146},
  url       = {https://www.usenix.org/conference/atc18/presentation/wang-liang},
  publisher = {{USENIX} Association},
  month     = jul
}

@misc{what_is_js,
  title = {What is JavaScript?},
  url   = {https://developer.mozilla.org/en-US/docs/Learn/JavaScript/First_steps/What_is_JavaScript}
}

@misc{node_org,
  title = {Node.js},
  url   = {https://nodejs.org/en}
}

@misc{node_event_loop_2,
  title = {Node.js Event Loop},
  url   = {https://www.geeksforgeeks.org/node-js-event-loop}
}

@misc{node_event_loop,
  title = {The Node.js Event Loop},
  url   = {https://nodejs.dev/learn/the-nodejs-event-loop}
}

@misc{node_on_backend,
  title  = {When, How And Why Use Node.js as Your Backend},
  author = {Justyna Rachowicz},
  url    = {https://www.netguru.com/blog/node-js-backend},
  month  = {02},
  year   = {2017}
}

@article{node_event_loop_3,
  title = {Understanding the Node.js event loop phases and how it executes the JavaScript code},
  url   = {https://dev.to/lunaticmonk/understanding-the-node-js-event-loop-phases-and-how-it-executes-the-javascript-code-1j9}
}

@misc{typescript_lang,
  title = {What is TypeScript?},
  url   = {https://www.typescriptlang.org}
}

@misc{typescript,
  title  = {TypeScript: What is it and when is it useful?},
  author = {Diana Lease},
  year   = {2018},
  month  = {01},
  url    = {https://medium.com/front-end-weekly/typescript-what-is-it-when-is-it-useful-c4c41b5c4ae7}
}

@book{common_js,
  title     = {Programming JavaScript Applications: Robust Web Architecture with Node, HTML5, and Modern JS Libraries},
  author    = {Eric Elliott},
  publisher = {O'Reilly Media, Inc.},
  isbn      = {978-1-4919-5027-2},
  year      = {2014},
  month     = {04},
  pages     = {87–}
}

@misc{jsoniso,
  title = {JSON data interchange syntax ISO},
  url   = {https://www.iso.org/standard/71616.html}
}

@misc{npm_scoped_packages,
  title = {Creating and publishing an organization scoped package},
  url   = {https://docs.npmjs.com/creating-and-publishing-an-organization-scoped-package}
}

@misc{github_issues,
  title = {Mastering Issues},
  url   = {https://guides.github.com/features/issues}
}

@misc{monorepo,
  title  = {From Monolith to Monorepo},
  author = {Brock Reece},
  year   = {2017},
  month  = {11},
  url    = {https://medium.com/@brockreece/from-monolith-to-monorepo-19d78ffe9175}
}

@misc{agile,
  title = {Principles behind the Agile Manifesto},
  url   = {https://agilemanifesto.org/iso/en/principles.html}
}

@article{continuous_delivery,
  author  = {L. {Chen}},
  journal = {IEEE Software},
  title   = {Continuous Delivery: Huge Benefits, but Challenges Too},
  year    = {2015},
  volume  = {32},
  number  = {2},
  pages   = {50-54},
  doi     = {10.1109/MS.2015.27}
}

@misc{circle_ci_official,
  title = {What is CircleCi?},
  url   = {https://circleci.com/docs/2.0/about-circleci}
}

@misc{aws_api_gateway_doc,
  title = {Use API Gateway Lambda authorizers},
  url   = {https://docs.aws.amazon.com/apigateway/latest/developerguide/apigateway-use-lambda-authorizer.html}
}

@misc{dom_standard,
  title = {DOM Living Standard},
  url   = {https://dom.spec.whatwg.org}
}

@misc{react_js,
  title = {React - A JavaScript library for building user interfaces},
  url   = {https://reactjs.org}
}

@misc{json_iso,
  title = {JSON data interchange syntax ISO},
  url   = {https://www.iso.org/standard/71616.html}
}

@misc{ts_generics,
  title = {Typescript - Generics},
  url   = {https://www.typescriptlang.org/docs/handbook/generics.html}
}

@misc{json_web_token,
  title = {The Anatomy of a JSON Web Token},
  url   = {https://scotch.io/tutorials/the-anatomy-of-a-json-web-token},
  year  = {2015}
}

@misc{spazio_alla_scuola,
  title = {Spazio alla scuola},
  url   = {https://www.fondazioneagnelli.it/2020/07/17/spazio-alla-scuola}
}

@misc{aws_doc_runtimes,
  title = {AWS Lambda execution environment},
  url   = {https://docs.aws.amazon.com/lambda/latest/dg/runtimes-context.html}
}